<?xml version="1.0" encoding="utf-8"?>
<record xmlns="http://www.loc.gov/MARC21/slim" xmlns:xsi="http://www.w3.org/2001/XMLSchema-instance" xsi:schemaLocation="http://www.loc.gov/MARC21/slim http://www.loc.gov/standards/marcxml/schema/MARC21slim.xsd">
	<leader>     nam a22     Mi 4500</leader>
	<controlfield tag="001">800689</controlfield>
	<controlfield tag="003">NjP</controlfield>
	<controlfield tag="006">m        d        </controlfield>
	<controlfield tag="007">cr cn |||m|||a</controlfield>
	<controlfield tag="008">180802s1911    le      o     000 0 ara d</controlfield>
	<datafield ind1="7" ind2=" " tag="024">
		<subfield code="a">princeton_aco001176</subfield>
		<subfield code="2">local</subfield>
	</datafield>
	<datafield ind1=" " ind2=" " tag="040">
		<subfield code="a">ZYU</subfield>
		<subfield code="b">eng</subfield>
		<subfield code="c">ZYU</subfield>
	</datafield>
	<datafield ind1=" " ind2="4" tag="050">
		<subfield code="a">BP166.2</subfield>
		<subfield code="b">.J34 1911</subfield>
	</datafield>
	<datafield ind1=" " ind2=" " tag="079">
		<subfield code="a">ocm27983728</subfield>
	</datafield>
	<datafield ind1="0" ind2=" " tag="100">
		<subfield code="6">880-01</subfield>
		<subfield code="a">Jaʻfar al-Ṣādiq,</subfield>
		<subfield code="d">702?-765 or 766.</subfield>
	</datafield>
	<datafield ind1="1" ind2="0" tag="240">
		<subfield code="6">880-02</subfield>
		<subfield code="a">Tawḥīd al-musammá al-Adilah ʻalá al-ḥikmah wa-al-taʻbīr wa-al-rad ʻalá al-qāʼilīn bi-al-ihmāl wa-munkrīn al-ʻamad</subfield>
	</datafield>
	<datafield ind1="1" ind2="0" tag="245">
		<subfield code="6">880-03</subfield>
		<subfield code="a">Kitāb al-tawḥīd al-musammá al-Adilah ʻalá al-ḥikmah wa-al-taʻbīr wa-al-rad ʻalá al-qāʼilīn bi-al-ihmāl wa-munkrīn al-ʻamad</subfield>
		<subfield code="h">[electronic resource] /</subfield>
		<subfield code="c">amlahu al-Imān Jaʻfar al-Ṣādiq ibn al-Imām Muḥammad al-Bāqir ibn al-Imām ʻAlī Zayn al-ʻĀbidīn ibn al-Imām al-Ḥasan al-shahīd ibn al-Imām ʻAlī ibn Abī Ṭālib al-Murṭadá ; ṣaḥḥaḥahu wa-ʻallaqa ḥawāshīhi wa-ṭabaʻahu ʻalá nafaqat Muḥammad ʻAbd al-Razzāq Ḥamzah.</subfield>
	</datafield>
	<datafield ind1=" " ind2=" " tag="250">
		<subfield code="6">880-04</subfield>
		<subfield code="a">al-Ṭabʻah 2.</subfield>
	</datafield>
	<datafield ind1=" " ind2=" " tag="260">
		<subfield code="6">880-05</subfield>
		<subfield code="a">[lebanon] :</subfield>
		<subfield code="b">Dār al-Salām,</subfield>
		<subfield code="c">1329 [1911 or 1912]</subfield>
	</datafield>
	<datafield ind1=" " ind2=" " tag="300">
		<subfield code="a">online resource (176 p.)</subfield>
	</datafield>
	<datafield ind1=" " ind2=" " tag="500">
		<subfield code="a">Part of the Arabic Collections Online (ACO) project, contributed by Princeton University Libraries.</subfield>
	</datafield>
	<datafield ind1=" " ind2=" " tag="533">
		<subfield code="a">Electronic reproduction.</subfield>
		<subfield code="b">New York, N.Y. :</subfield>
		<subfield code="c">New York University,</subfield>
		<subfield code="d">2018.</subfield>
		<subfield code="5">NNU</subfield>
	</datafield>
	<datafield ind1=" " ind2="0" tag="650">
		<subfield code="a">God (Islam)</subfield>
	</datafield>
	<datafield ind1="1" ind2=" " tag="700">
		<subfield code="6">880-06</subfield>
		<subfield code="a">Ḥamzah, Muḥammad ʻAbd al-Razzāq.</subfield>
	</datafield>
	<datafield ind1="2" ind2=" " tag="710">
		<subfield code="a">Princeton University.</subfield>
		<subfield code="b">Library.</subfield>
	</datafield>
	<datafield ind1="0" ind2=" " tag="730">
		<subfield code="a">Arabic Collections Online.</subfield>
	</datafield>
	<datafield ind1="0" ind2=" " tag="740">
		<subfield code="6">880-07</subfield>
		<subfield code="a">Tawḥīd al-musammá al-Adilah ʻalá al-ḥikmah wa-al-taʻbīr wa-al-rad ʻalá al-qāʼilīn bi-al-ihmāl wa-munkrīn al-ʻamad.</subfield>
	</datafield>
	<datafield ind1="0" ind2=" " tag="740">
		<subfield code="6">880-08</subfield>
		<subfield code="a">Tawḥīd.</subfield>
	</datafield>
	<datafield ind1="0" ind2=" " tag="740">
		<subfield code="6">880-09</subfield>
		<subfield code="a">Adilah ʻalá al-ḥikmah wa-al-taʻbīr wa-al-rad ʻalá al-qāʼilīn bi-al-ihmāl wa-munkrīn al-ʻamad.</subfield>
	</datafield>
	<datafield ind1="0" ind2="8" tag="776">
		<subfield code="i">Print version:</subfield>
		<subfield code="a">Jaʻfar al-Ṣādiq, 702?-765 or 766.</subfield>
		<subfield code="t">Kitāb al-tawḥīd al-musammá al-Adilah ʻalá al-ḥikmah wa-al-taʻbīr wa-al-rad ʻalá al-qāʼilīn bi-al-ihmāl wa-munkrīn al-ʻamad</subfield>
		<subfield code="w">(NjP)800689</subfield>
	</datafield>
	<datafield ind1="4" ind2="0" tag="856">
		<subfield code="u">http://hdl.handle.net/2333.1/3tx963rr</subfield>
	</datafield>
	<datafield ind1="0" ind2=" " tag="880">
		<subfield code="6">100-01</subfield>
		<subfield code="a">جعفر الصادق،‎‎</subfield>
		<subfield code="d">702?-765 or 766.</subfield>
	</datafield>
	<datafield ind1="1" ind2="0" tag="880">
		<subfield code="6">240-02</subfield>
		<subfield code="a">توحيد المسمى الأدلة على الحكمة والتعبير والرد على القائلين بالاهمال ومنكرين العمد‎‎</subfield>
	</datafield>
	<datafield ind1="1" ind2="0" tag="880">
		<subfield code="6">245-03</subfield>
		<subfield code="a">كتاب التوحيد المسمى الأدلة على الحكمة والتعبير والرد على القائلين بالاهمال ومنكرين العمد /‎‎</subfield>
		<subfield code="c">املاه الامام جعفر الصادق بن الامام محمد الباقر بن الامام علي زين العابدين بن الامام الحسن الشهيد بن الامام علي بن ابي طالب المرتضى ؛ صححه وعلق حواشيه وطبعه على نفقة محمد عبد الرزاق حمزة.‎‎</subfield>
	</datafield>
	<datafield ind1=" " ind2=" " tag="880">
		<subfield code="6">250-04</subfield>
		<subfield code="a">الطبعة 2.‎‎</subfield>
	</datafield>
	<datafield ind1=" " ind2=" " tag="880">
		<subfield code="6">260-05</subfield>
		<subfield code="a">[لبنان] :‎‎</subfield>
		<subfield code="b">دار السلام،‎‎</subfield>
		<subfield code="c">1329 [1911 or 1912]</subfield>
	</datafield>
	<datafield ind1="1" ind2=" " tag="880">
		<subfield code="6">700-06</subfield>
		<subfield code="a">حمزة، محمد عبد الرزاق.‎‎</subfield>
	</datafield>
	<datafield ind1="0" ind2=" " tag="880">
		<subfield code="6">740-07</subfield>
		<subfield code="a">توحيد المسمى الادلة على الحكمة والتعبير والرد على القائلين بالاهمال ومنكرين العمد.‎‎</subfield>
	</datafield>
	<datafield ind1="0" ind2=" " tag="880">
		<subfield code="6">740-08</subfield>
		<subfield code="a">توحيد.‎‎</subfield>
	</datafield>
	<datafield ind1="0" ind2=" " tag="880">
		<subfield code="6">740-09</subfield>
		<subfield code="a">ادلة على الحكمة والتعبير والرد على القائلين بالاهمال ومنكرين العمد.‎‎</subfield>
	</datafield>
	<datafield ind1=" " ind2=" " tag="911">
		<subfield code="a">19930422</subfield>
	</datafield>
	<datafield ind1=" " ind2=" " tag="912">
		<subfield code="a">19930415000000.0</subfield>
	</datafield>
	<datafield ind1=" " ind2=" " tag="959">
		<subfield code="a">NNU</subfield>
		<subfield code="b">WEB</subfield>
		<subfield code="c">GENI</subfield>
		<subfield code="t">0</subfield>
		<subfield code="m">Electronic access</subfield>
		<subfield code="s">01</subfield>
	</datafield>
	<datafield ind1=" " ind2=" " tag="999">
		<subfield code="a">800689</subfield>
		<subfield code="e">(ERROR-MISC)</subfield>
		<subfield code="i">NjP_800689</subfield>
		<subfield code="s">princeton_aco001176</subfield>
	</datafield>
</record>
